@article {Cowen1978,
    AUTHOR = {Cowen, M. J. and Douglas, R. G.},
     TITLE = {Complex geometry and operator theory},
   JOURNAL = {Acta Math.},
  FJOURNAL = {Acta Mathematica},
    VOLUME = {141},
      YEAR = {1978},
    NUMBER = {3-4},
     PAGES = {187--261},
      ISSN = {0001-5962,1871-2509},
   MRCLASS = {47A65 (32H99 32L05 47B35 55R50)},
  MRNUMBER = {501368},
MRREVIEWER = {M.\ F.\ Atiyah},
       DOI = {10.1007/BF02545748},
       URL = {https://doi.org/10.1007/BF02545748},
}
